<record><leader>00000cas a22000007a 4500</leader><controlfield tag="001">19819013</controlfield><controlfield tag="008">890605d18881927moudr ne      0    0eng d</controlfield><datafield ind1=" " ind2=" " tag="010"><subfield code="a">sn 89066362 </subfield></datafield><datafield ind1=" " ind2=" " tag="040"><subfield code="a">MQN</subfield><subfield code="b">eng</subfield><subfield code="c">MQN</subfield><subfield code="d">OCLCQ</subfield></datafield><datafield ind1=" " ind2=" " tag="042"><subfield code="a">msc</subfield></datafield><datafield ind1="0" ind2="4" tag="245"><subfield code="a">The Trenton daily times.</subfield></datafield><datafield ind1=" " ind2=" " tag="260"><subfield code="a">[Trenton, Mo.] :</subfield><subfield code="b">W.W. Witten</subfield></datafield><datafield ind1=" " ind2=" " tag="300"><subfield code="a">v.</subfield></datafield><datafield ind1=" " ind2=" " tag="310"><subfield code="a">Daily</subfield></datafield><datafield ind1="1" ind2=" " tag="362"><subfield code="a">Began in 1888? Ceased in 1927?</subfield></datafield><datafield ind1=" " ind2=" " tag="580"><subfield code="a">Weekly ed. also published: Trenton weekly times, &lt;Oct. 30, 1890&gt;-Jan. 9, 1902; Trenton times (Trenton, Mo.), Jan. 16, 1902-Feb. 27, 1927.</subfield></datafield><datafield ind1=" " ind2=" " tag="588"><subfield code="a">Description based on: Vol. 10, no. 174 (Feb. 9, 1898).</subfield></datafield><datafield ind1=" " ind2=" " tag="752"><subfield code="a">United States</subfield><subfield code="b">Missouri</subfield><subfield code="c">Grundy</subfield><subfield code="d">Trenton.</subfield></datafield><datafield ind1="1" ind2=" " tag="775"><subfield code="t">Trenton weekly times</subfield><subfield code="w">(DLC)sn 86064000</subfield></datafield><datafield ind1="1" ind2=" " tag="775"><subfield code="t">Trenton times (Trenton, Mo.)</subfield><subfield code="w">(DLC)sn 89066370</subfield></datafield><datafield ind1="0" ind2="7" tag="785"><subfield code="t">Trenton daily republican-tribune</subfield><subfield code="w">(DLC)sn 89066358</subfield></datafield><datafield ind1="0" ind2="7" tag="785"><subfield code="t">Trenton republican-times (Trenton, Mo. : Daily : 1927)</subfield><subfield code="w">(DLC)sn 89066359</subfield></datafield></record>